<?xml version="1.0" encoding="UTF-8"?><collection xmlns="http://www.loc.gov/MARC21/slim"><record><leader>00575nam--2200181-i-4500</leader><controlfield tag="001">000039490</controlfield><controlfield tag="002">20161230</controlfield><controlfield tag="005">20161230201042</controlfield><controlfield tag="008">060222s1000------------r-----000-0-fre-d</controlfield><datafield ind1=" " ind2=" " tag="040"><subfield code="a">IFIN-HH</subfield></datafield><datafield ind1=" " ind2=" " tag="041"><subfield code="a">fre</subfield></datafield><datafield ind1=" " ind2=" " tag="080"><subfield code="a">539.184:530.145:538.941(043)</subfield></datafield><datafield ind1="1" ind2=" " tag="100"><subfield code="a">Roger,Michel</subfield></datafield><datafield ind1="1" ind2="0" tag="245"><subfield code="a">Interpretation theorique des properties magnetiques nucleeaires de 3 he solide dans le cadre d`un modele d`echange a quatre spin</subfield><subfield code="b">These</subfield><subfield code="c">Michel roger</subfield></datafield><datafield ind1=" " ind2=" " tag="260"><subfield code="a">Orsay</subfield><subfield code="b">Universite De Paris-sud</subfield><subfield code="c">1980</subfield></datafield><datafield ind1=" " ind2=" " tag="300"><subfield code="a">60 P</subfield></datafield><datafield ind1=" " ind2=" " tag="852"><subfield code="a">49668</subfield><subfield code="c">539.18</subfield></datafield><datafield ind1=" " ind2=" " tag="CAT"><subfield code="a">Sys</subfield><subfield code="c">20120706</subfield><subfield code="h">122113</subfield></datafield></record></collection>